% LITERATURE LIST

% Format ..... BibTeX
% Encoding ... UTF-8



% ------------------------------------------------
% OVERVIEW

% 0xx - PAPERS
% 000 : CI-CD-Deployment-in-DevOps-reduce-Gap-Developer-Operation
% 001 : DevOps-Adoption-in-Software-Development
% 002 : Optimizing-Cloud-Applications-with-DevOps
% 003 : Infrastructure-from-Code
% 004 : Continous-Integration-and-Development-Tool-Setup-and-Pipeline-Evolution
% 005 : Continous-Software-Engineering-and-Beyond
% 006 : Prevalence-of-GitOps-DevOps-in-Fast-CI-CD-Cycles
% 007 : Analysis-of-Declarative-and-Pull-based-Deployment-Models-on-GitOps
% 008 : GitOps-Approach-to-Cloud-Cluster-System-Deployment
% 009 : GitOps-Evolution-of-DevOps
% 010 : Efficient-Application-Deployment-GitOps-for-Faster-and-Secure-CI-CD-Cycles
% 011 : Cloud-Native-CI-CD-Platform
% 012 : Compare-and-Contrast-various-Software-Development-Methodologies
% 013 : Role-of-Containers-in-Reproducibility
% 014 : Managing-Container-based-Software-Development-Environments
% 015 : Containers-in-Software-Development
% 016 : Effectively-managing-all-of-those-Applications
% 017 : Developer-Experience-Concept-and-Definition
% 018 : Software-Development-Productivity
% 019 : Advanced-DevOps-Environment-for-Microservices-based-Applications
% 020 : Assessing-and-Improving-Quality-of-Docker-Artifacts
% 021 : Docker-Security-Threat-Model-and-Best-Practices
% 022 : Automated-Cloud-Infrastructure-Continous-Integration-and-Continous-Delivery-using-Docker
% 023 : Setting-up-CI-CD-Pipeline-in-the-Cloud-for-Web-Application
% 024 : Investiugating-Impact-of-Containerization-on-Deployment-Process-in-DevOps
% 025 : Exploring-Solutions-for-Container-Image-Security
% 026 : Some-Trends-in-Web-Application-Development
% 027 : Containerized-Microservices-Deployment-Approach
% 028 : Analyzing-Microservices-and-Monolithic-Systems
% 029 : Connecting-the-Dotfiles
% 
% 1xx - ARTICLES
% 100 : Developer-Experience-Glueckliche-Entwickler-schreiben-besseren-Code
% 101 : The-Twelve-Factor-App
% 102 : Twelve-Factor-App-Revisited
% 103 : Creating-Cloud-native-applications-12-Factor-Applications
% 104 : 15-Factor-Cloud-native-Java-Applications
% 105 : Legacy-Systeme-modernisieren
% 106 : Gartner-2024-Hype-Cycle-for-Emerging-Technologies
% 107 : Spotlight-on-2024-Gartner-Hype-Cycle-for-Emerging-Technologies
% 108 : Gartner-Hype-Cycle
% 109 : GitOps
% 110 : Cloud-Native
% 111 : Container-Registry
% 
% 2xx - JOURNALS OR BLOGS
% 200 : Dev-Containers-Future-of-Development-Environments
% 201 : How-to-develop-with-Dev-Containers
% 202 : Maximizing-Efficiency-with-Dev-Containers
% 203 : Dev-Environment-as-a-Code-with-DevContainers-Dotfiles-and-GitHub-Codespaces
% 204 : Development-Containers-Simplified
% 205 : Leitfadengestuetztes-Interview
% 206 : [NO-PDF] Developer-Survey-2024
% 207 : [NO-PDF] Developer-Ecosystem
% 208 : Web-Technology
% 209 : Web-Development
% 210 : [NO-PDF] Jet-Brains-Company
% 211 : Coding-and-Development-Phase-in-Software-Engineering
% 212 : [NO-PDF] Developer-Survey
% 213 : 2024-State-of-Git-Collaboration
% 
% 3xx - DOCUMENTATION
% 300 : Building-Best-Practices
% 301 : About-GitHub-and-Git
% 302 : Understanding-GitHub-Actions
% 303 : Introduction-to-DevContainers
% 304 : Personalizing-GitHub-Codespaces-for-your-Account
% 305 : Using-DevContainers-in-JetBrains-IDEs
% 306 : Development-Containers
% 307 : Notifications-for-Workflow-Runs
% 308 : [NO-PDF] Docker-Compose-Overview
% 309 : Deno
% 310 : GitHub-Codespaces-Overview
% 
% 4xx - BOOKS
% 400 : Beitrag-Produktrepraesentation-fuer-Bedarfs-und-Kapazitaetsmanagement-digitalisierter-Fahrzeuge
% 401 : Das-Experteninterview
% 
% 9xx - MISCELLANEOUS
% 900 : Herausforderungen-Strategien-Kuenstliche-Intelligenz-Software-Engineering

% ------------------------------------------------
% [1xx] PAPERS

@inproceedings{000:CI-CD-Deployment-in-DevOps-reduce-Gap-Developer-Operation,
  author    = {Mowad, Abrar Mohammad and Fawareh, Hamed and Hassan, Mohammad A.},
  booktitle = {2022 International Arab Conference on Information Technology (ACIT)},
  title     = {Effect of Using Continuous Integration (CI) and Continuous Delivery (CD) Deployment in DevOps to reduce the Gap between Developer and Operation},
  year      = {2022},
  volume    = {},
  number    = {},
  pages     = {1-8},
  keywords  = {Bridges;Codes;Source coding;Pipelines;Companies;Software;Time measurement;DevOps (Development Operations);CI/CD CI (Continues Integration);CD (Continuous Delivery);Azure;IAAC (Infrastructure as a Code)},
  doi       = {10.1109/ACIT57182.2022.9994139}
}

@inproceedings{001:DevOps-Adoption-in-Software-Development,
  author    = {Karunarathne, M.A.W. and Wijayanayake, W. M. J. I. and Prasadika, A. P. K. J.},
  booktitle = {2024 4th International Conference on Advanced Research in Computing (ICARC)},
  title     = {DevOps Adoption in Software Development Organizations: A Systematic Literature Review},
  year      = {2024},
  volume    = {},
  number    = {},
  pages     = {282-287},
  keywords  = {Industries;DevOps;Automation;Systematics;Bibliographies;Collaboration;Companies;DevOps adoption;Software Development},
  doi       = {10.1109/ICARC61713.2024.10499789}
}

@inproceedings{002:Optimizing-Cloud-Applications-with-DevOps,
  author    = {Gaur, Ishu and Rai, Srishti and Tiwari, Utkarsh and Khurana, Shiraz},
  booktitle = {2024 International Conference on Computational Intelligence and Computing Applications (ICCICA)},
  title     = {Optimizing Cloud Applications with DevOps},
  year      = {2024},
  volume    = {1},
  number    = {},
  pages     = {68-74},
  keywords  = {Productivity;Cloud computing;DevOps;Costs;Pipelines;Continuous integration;Software;DevOps;Optimization;Containerization;Docker},
  doi       = {10.1109/ICCICA60014.2024.10584904}
}

@article{003:Infrastructure-from-Code,
  author   = {Aviv, Itzhak and Gafni, Ruti and Sherman, Sofia and Aviv, Berta and Sterkin, Asher and Bega, Etzik},
  journal  = {IEEE Software},
  title    = {Infrastructure From Code: The Next Generation of Cloud Lifecycle Automation},
  year     = {2023},
  volume   = {40},
  number   = {1},
  pages    = {42-49},
  keywords = {Cloud computing;Codes;Security;Automation;Software engineering;Optimization;Costs},
  doi      = {10.1109/MS.2022.3209958}
}

@article{004:Continous-Integration-and-Development-Tool-Setup-and-Pipeline-Evolution,
  author   = {Zimmermann, Olaf and Pautasso, Cesare and Kapferer, Stefan and Stocker, Mirko},
  journal  = {IEEE Software},
  title    = {Continuous Integration and Delivery in Open Source Development and Pattern Publishing: Lessons Learned With Tool Setup and Pipeline Evolution},
  year     = {2024},
  volume   = {41},
  number   = {1},
  pages    = {9-18},
  keywords = {Couplings;Publishing;Software development management;Pricing;Project management;Open source software},
  doi      = {10.1109/MS.2023.3322312}
}

@inproceedings{005:Continous-Software-Engineering-and-Beyond,
  author  = {Fitzgerald, Brian and Stol, Klaas-Jan},
  year    = {2014},
  month   = jun,
  pages   = {},
  title   = {Continuous Software Engineering and Beyond: Trends and Challenges},
  journal = {1St International Workshop on Rapid Continuous Software Engineering, Rcose 2014},
  doi     = {10.1145/2593812.2593813}
}

@inproceedings{006:Prevalence-of-GitOps-DevOps-in-Fast-CI-CD-Cycles,
  author    = {Gupta, Saumya and Bhatia, Madhulika and Memoria, Meenakshi and Manani, Preeti},
  booktitle = {2022 International Conference on Machine Learning, Big Data, Cloud and Parallel Computing (COM-IT-CON)},
  title     = {Prevalence of GitOps, DevOps in Fast CI/CD Cycles},
  year      = {2022},
  volume    = {1},
  number    = {},
  pages     = {589-596},
  keywords  = {Productivity;Codes;Process control;Machine learning;Syntactics;Parallel processing;Elasticity;GitOps;DevOps;CI/CD;Continuous Delivery;Continuous Integration;AWS},
  doi       = {10.1109/COM-IT-CON54601.2022.9850786}
}

@inproceedings{007:Analysis-of-Declarative-and-Pull-based-Deployment-Models-on-GitOps,
  author    = {Ramadoni and Utami, Ema and Fatta, Hanif Al},
  booktitle = {2021 4th International Conference on Information and Communications Technology (ICOIACT)},
  title     = {Analysis on the Use of Declarative and Pull-based Deployment Models on GitOps Using Argo CD},
  year      = {2021},
  volume    = {},
  number    = {},
  pages     = {186-191},
  keywords  = {Analytical models;Pipelines;Companies;Tools;Software;Security;Servers;GitOps;DevOps;Declarative Deployment;Pull-based Deployment;Argo CD},
  doi       = {10.1109/ICOIACT53268.2021.9563984}
}

@inproceedings{008:GitOps-Approach-to-Cloud-Cluster-System-Deployment,
  author    = {Kormaník, Tomáš and Porubän, Jaroslav},
  booktitle = {2023 21st International Conference on Emerging eLearning Technologies and Applications (ICETA)},
  title     = {Exploring GitOps: An Approach to Cloud Cluster System Deployment},
  year      = {2023},
  volume    = {},
  number    = {},
  pages     = {318-323},
  keywords  = {Technological innovation;Computational modeling;Standards organizations;Standardization;Software;Security;Reliability;GitOps;DevOps;Kubernetes;Microservices;Deployment Automation;Cluster Management},
  doi       = {10.1109/ICETA61311.2023.10344182}
}

@article{009:GitOps-Evolution-of-DevOps,
  author   = {Beetz, Florian and Harrer, Simon},
  journal  = {IEEE Software},
  title    = {GitOps: The Evolution of DevOps?},
  year     = {2022},
  volume   = {39},
  number   = {4},
  pages    = {70-75},
  keywords = {Software development management;Software engineering;Collaboration;Codes;Cloud computing;GitOps;DevOps;Infrastructure as Code},
  doi      = {10.1109/MS.2021.3119106}
}

@inproceedings{010:Efficient-Application-Deployment-GitOps-for-Faster-and-Secure-CI-CD-Cycles,
  author    = {J, Saikiran Reddy and S, Durga Prashanth Padal and J, Albert Mayan and A, Catharine and Shanthamalar, J. Jeslin},
  booktitle = {2024 International Conference on Advances in Modern Age Technologies for Health and Engineering Science (AMATHE)},
  title     = {Efficient Application Deployment: GitOps for Faster and Secure CI/CD Cycles},
  year      = {2024},
  volume    = {},
  number    = {},
  pages     = {1-7},
  keywords  = {Technological innovation;Codes;DevOps;Prevention and mitigation;Pipelines;Programming;Continuous integration;DevOps;Continuous Delivery and Continuous Integration (CI/CD);AWS;Azure;GCP;Machine Learning;Argo CD;GitOps},
  doi       = {10.1109/AMATHE61652.2024.10582118}
}

@inproceedings{011:Cloud-Native-CI-CD-Platform,
  author    = {Zhang, Jing and Wang, Yanjie and Liu, Xinyi},
  booktitle = {NCIT 2022; Proceedings of International Conference on Networks, Communications and Information Technology},
  title     = {Cloud-Native CI/CD platform},
  year      = {2022},
  volume    = {},
  number    = {},
  pages     = {1-5},
  keywords  = {},
  doi       = {}
}

@article{012:Compare-and-Contrast-various-Software-Development-Methodologies,
  author = {Palle, Ranadeep Reddy},
  year   = {2020},
  month  = {12},
  pages  = {},
  title  = {Compare and contrast various software development methodologies, such as Agile, Scrum, and DevOps, discussing their advantages, challenges, and best practices},
  volume = {3}
}

@inproceedings{013:Role-of-Containers-in-Reproducibility,
  author    = {Canon, R. Shane},
  booktitle = {2020 2nd International Workshop on Containers and New Orchestration Paradigms for Isolated Environments in HPC (CANOPIE-HPC)},
  title     = {The Role of Containers in Reproducibility},
  year      = {2020},
  volume    = {},
  number    = {},
  pages     = {19-25},
  keywords  = {Containers;Tools;Best practices;Hardware;Metadata;Libraries;Bioinformatics;HPC;Containers;Reproducibility},
  doi       = {10.1109/CANOPIEHPC51917.2020.00008}
}

@masterthesis{014:Managing-Container-based-Software-Development-Environments,
  author = {Savusalo, Tuomas},
  school = {University of Oulu},
  title  = {Application for managing container-based software development environments},
  year   = {2023},
  month  = {05}
}

@inbook{015:Containers-in-Software-Development,
  author = {Koskinen, Mikael and Mikkonen, Tommi and Abrahamsson, Pekka},
  year   = {2019},
  month  = {11},
  pages  = {176-191},
  title  = {Containers in Software Development: A Systematic Mapping Study},
  isbn   = {978-3-030-35332-2},
  doi    = {10.1007/978-3-030-35333-9_13}
}

@techreport{016:Effectively-managing-all-of-those-Applications,
  institution = {Docker, Inc.},
  title       = {Cracking the Code: Effectively managing all of those applications},
  url         = {https://www.docker.com/resources/effectively-manage-apps-with-containers-white-paper/},
  urldate     = {2024-11-01}
}

@inproceedings{017:Developer-Experience-Concept-and-Definition,
  author    = {Fagerholm, Fabian and Münch, Jürgen},
  booktitle = {2012 International Conference on Software and System Process (ICSSP)},
  title     = {Developer experience: Concept and definition},
  year      = {2012},
  volume    = {},
  number    = {},
  pages     = {73-77},
  keywords  = {Software;Programming;Integrated circuit modeling;Humans;Productivity;Software engineering;Human factors;Developer experience;software development environment;high-performing teams;human factors;software psychology},
  doi       = {10.1109/ICSSP.2012.6225984}
}

@inproceedings{018:Software-Development-Productivity,
  author    = {Getov, Vladimir},
  booktitle = {2010 IEEE 34th Annual Computer Software and Applications Conference},
  title     = {Software Development Productivity: Challenges and Future Trends},
  year      = {2010},
  volume    = {},
  number    = {},
  pages     = {2-7},
  keywords  = {Software;Programming;Monitoring;Productivity;Computational modeling;Object oriented modeling;Wrapping;software development productivity;component-oriented programming;code reuse;component-based platform},
  doi       = {10.1109/COMPSAC.2010.91}
}

@inproceedings{019:Advanced-DevOps-Environment-for-Microservices-based-Applications,
  author    = {Throner, Stefan and Hütter, Heiko and Sänger, Niklas and Schneider, Michael and Hanselmann, Simon and Petrovic, Patrick and Abeck, Sebastian},
  booktitle = {2021 IEEE International Conference on Service-Oriented System Engineering (SOSE)},
  title     = {An Advanced DevOps Environment for Microservice-based Applications},
  year      = {2021},
  volume    = {},
  number    = {},
  pages     = {134-143},
  keywords  = {Service-oriented systems engineering;Publishing;Conferences;Pipelines;Time to market;Maintenance engineering;Containers;DevOps;microservices;CI/CD;pipeline;cloud;container;configuration;security},
  doi       = {10.1109/SOSE52839.2021.00020}
}

@inproceedings{020:Assessing-and-Improving-Quality-of-Docker-Artifacts,
  author    = {Rosa, Giovanni and Scalabrino, Simone and Oliveto, Rocco},
  booktitle = {2022 IEEE International Conference on Software Maintenance and Evolution (ICSME)},
  title     = {Assessing and Improving the Quality of Docker Artifacts},
  year      = {2022},
  volume    = {},
  number    = {},
  pages     = {592-596},
  keywords  = {Software maintenance;Image resolution;Buildings;Security;Reliability;Task analysis;Best practices;Docker;empirical software engineering;software evolution;software quality},
  doi       = {10.1109/ICSME55016.2022.00081}
}

@inproceedings{021:Docker-Security-Threat-Model-and-Best-Practices,
  author    = {Patra, Manoj Kumar and Kumari, Anisha and Sahoo, Bibhudatta and Turuk, Ashok Kumar},
  booktitle = {2022 IEEE 2nd International Symposium on Sustainable Energy, Signal Processing and Cyber Security (iSSSC)},
  title     = {Docker Security: Threat Model and Best Practices to Secure a Docker Container},
  year      = {2022},
  volume    = {},
  number    = {},
  pages     = {1-6},
  keywords  = {Threat modeling;Rockets;Containers;Signal processing;Packaging;Software;Security;Docker Security;Container;Virtualization;Cloud Computing;Software Virtualization},
  doi       = {10.1109/iSSSC56467.2022.10051481}
}

@inproceedings{022:Automated-Cloud-Infrastructure-Continous-Integration-and-Continous-Delivery-using-Docker,
  author    = {Garg, Somya and Garg, Satvik},
  booktitle = {2019 IEEE Conference on Multimedia Information Processing and Retrieval (MIPR)},
  title     = {Automated Cloud Infrastructure, Continuous Integration and Continuous Delivery using Docker with Robust Container Security},
  year      = {2019},
  volume    = {},
  number    = {},
  pages     = {467-470},
  keywords  = {Containers;Cloud computing;Computer architecture;Security;Automation;Tools;Industries;docker;security;cloud infrastructure;continuous integration;continuous delivery},
  doi       = {10.1109/MIPR.2019.00094}
}

@inproceedings{023:Setting-up-CI-CD-Pipeline-in-the-Cloud-for-Web-Application,
  author    = {Rajendra, Atla and Reddy, Poluri Sandeep and Vignesh, Bude Subrahmanya Pavan and Rao, T. Subha Mastan},
  booktitle = {2024 International Conference on Expert Clouds and Applications (ICOECA)},
  title     = {Setting Up A CICD Pipeline in The Cloud for A Web Application},
  year      = {2024},
  volume    = {},
  number    = {},
  pages     = {213-217},
  keywords  = {Industries;DevOps;Pipelines;Ecosystems;Organizations;Continuous integration;Software;Agile;Git;Maven;Jenkins;Kubernetes;Docker},
  doi       = {10.1109/ICOECA62351.2024.00048}
}

@inproceedings{024:Investiugating-Impact-of-Containerization-on-Deployment-Process-in-DevOps,
  author    = {Narasimhulu, Modugula and Mounika, Darapureddy Veera and Varshini, Puttagunta and K, Amarendra and Rao, TK Rama Krishna},
  booktitle = {2023 2nd International Conference on Edge Computing and Applications (ICECAA)},
  title     = {Investigating the Impact of Containerization on the Deployment Process in DevOps},
  year      = {2023},
  volume    = {},
  number    = {},
  pages     = {679-685},
  keywords  = {Training;Scalability;Time to market;Organizations;Containers;Software;Software reliability;Containerization;DevOps;Deployment process;Orchestration;Scalability},
  doi       = {10.1109/ICECAA58104.2023.10212240}
}

@inproceedings{025:Exploring-Solutions-for-Container-Image-Security,
  author    = {Campo, Frank and Wang, Howe and Coffman, Joel},
  booktitle = {2023 IEEE 14th Annual Ubiquitous Computing, Electronics & Mobile Communication Conference (UEMCON)},
  title     = {Exploring Solutions for Container Image Security},
  year      = {2023},
  volume    = {},
  number    = {},
  pages     = {82-88},
  keywords  = {Navigation;Pipelines;Production;Manuals;Containers;Wounds;Mobile communication;containers;images;container registry;vulnerability analysis;Docker;Trivy},
  doi       = {10.1109/UEMCON59035.2023.10316032}
}

@inproceedings{026:Some-Trends-in-Web-Application-Development,
  author    = {Jazayeri, Mehdi},
  booktitle = {Future of Software Engineering (FOSE '07)},
  title     = {Some Trends in Web Application Development},
  year      = {2007},
  volume    = {},
  number    = {},
  pages     = {199-213},
  keywords  = {Application software;Software engineering;Internet;Informatics;Web sites;Collaboration;Software standards;Standards development;Access protocols;Multimedia databases},
  doi       = {10.1109/FOSE.2007.26}
}

@inproceedings{027:Containerized-Microservices-Deployment-Approach,
  author    = {Lee, Wen-Tin and Yang, Zhi-Yao and Liu, Zhun-Wei and Lee, Shin-Jie},
  booktitle = {2023 10th International Conference on Dependable Systems and Their Applications (DSA)},
  title     = {Containerized Microservices Deployment Approach based on Ant Colony Optimization},
  year      = {2023},
  volume    = {},
  number    = {},
  pages     = {472-473},
  keywords  = {Ant colony optimization;Costs;Microservice architectures;Microservices Architecture;Containerization;Ant Colony Optimization;Microservices Deployment},
  doi       = {10.1109/DSA59317.2023.00064}
}

@inproceedings{028:Analyzing-Microservices-and-Monolithic-Systems,
  author    = {Christian, Juan and Steven and Kurniawan, Afdhal and Anggreainy, Maria Susan},
  booktitle = {2023 6th International Conference of Computer and Informatics Engineering (IC2IE)},
  title     = {Analyzing Microservices and Monolithic Systems: Key Factors in Architecture, Development, and Operations},
  year      = {2023},
  volume    = {},
  number    = {},
  pages     = {64-69},
  keywords  = {Systematics;Scalability;Microservice architectures;Computer architecture;Maintenance engineering;Throughput;Software;Microservices;Monolithic Systems;PRISMA;benefits;drawbacks;implementation},
  doi       = {10.1109/IC2IE60547.2023.10331155}
}

@inproceedings{029:Connecting-the-Dotfiles,
  author    = {Jungwirth, Gerhard and Saha, Aakanksha and Schröder, Michael and Fiebig, Tobias and Lindorfer, Martina and Cito, Jürgen},
  booktitle = {2023 IEEE/ACM 20th International Conference on Mining Software Repositories (MSR)},
  title     = {Connecting the .dotfiles: Checked-In Secret Exposure with Extra (Lateral Movement) Steps},
  year      = {2023},
  volume    = {},
  number    = {},
  pages     = {322-333},
  keywords  = {Surveys;Privacy;Phishing;Search problems;Software;Security;Synchronization},
  doi       = {10.1109/MSR59073.2023.00051}
}

% ------------------------------------------------
% [1xx] ARTICLES

@article{100:Developer-Experience-Glueckliche-Entwickler-schreiben-besseren-Code,
  title    = {Developer Experience: Glückliche Entwickler schreiben besseren Code},
  url      = {https://www.heise.de/hintergrund/Developer-Experience-Glueckliche-Entwickler-schreiben-besseren-Code-6150890.html},
  urldate  = {2024-11-01},
  journal  = {heise online},
  author   = {Magnus, Felix},
  year     = {2021},
  month    = jul,
  language = {de}
}

@misc{101:The-Twelve-Factor-App,
  title   = {The Twelve-Factor app},
  url     = {https://12factor.net/},
  urldate = {2024-11-01},
  author  = {Wiggins, Adam},
  year    = {2017}
}

@misc{102:Twelve-Factor-App-Revisited,
  title   = {12 Factor App revisited},
  url     = {https://architecturenotes.co/p/12-factor-app-revisited},
  urldate = {2024-11-01},
  journal = {Architecture Notes — System Design & Software Development},
  author  = {Yusuf, Mahdi},
  year    = {2022},
  month   = oct
}

@article{103:Creating-Cloud-native-applications-12-Factor-Applications,
  title   = {Creating cloud-native applications: 12-factor applications},
  url     = {https://developer.ibm.com/articles/creating-a-12-factor-application-with-open-liberty/},
  urldate = {2024-11-01},
  journal = {IBM Developer},
  author  = {Grace Jansen},
  year    = {2024},
  month   = jun
}

@article{104:15-Factor-Cloud-native-Java-Applications,
  title   = {Beyond the 12 factors: 15-factor cloud-native Java applications},
  url     = {https://developer.ibm.com/articles/15-factor-applications/},
  urldate = {2024-11-01},
  journal = {IBM Developer},
  author  = {Grace Jansen},
  year    = {2024},
  month   = jun
}

@article{105:Legacy-Systeme-modernisieren,
  title    = {Legacy System: Alte Software modernisieren},
  url      = {https://www.iese.fraunhofer.de/de/leistungen/legacy-systeme.html},
  urldate  = {2024-11-01},
  journal  = {Fraunhofer-Institut Für Experimentelles Software Engineering IESE},
  author   = {Fraunhofer IESE},
  year     = {2024},
  language = {de}
}

@techreport{106:Gartner-2024-Hype-Cycle-for-Emerging-Technologies,
  title       = {Gartner 2024 Hype Cycle for Emerging Technologies Highlights Developer Productivity, Total Experience, AI and Security},
  url         = {https://www.gartner.com/en/newsroom/press-releases/2024-08-21-gartner-2024-hype-cycle-for-emerging-technologies-highlights-developer-productivity-total-experience-ai-and-security},
  urldate     = {2024-11-01},
  institution = {Gartner, Inc.},
  year        = {2024},
  month       = aug,
  location    = {Stamford, CT}
}

@techreport{107:Spotlight-on-2024-Gartner-Hype-Cycle-for-Emerging-Technologies,
  title       = {Spotlight on 2024 Gartner Hype Cycle for Emerging Technologies},
  url         = {https://www.gartner.com/en/articles/hype-cycle-for-emerging-technologies},
  urldate     = {2024-11-01},
  institution = {Gartner, Inc.},
  author      = {Arun Chandrasekaran},
  year        = {2024},
  month       = oct,
  location    = {Stamford, CT}
}

@misc{108:Gartner-Hype-Cycle,
  title       = {Hype Cycle Forschungsmethodik},
  url         = {https://www.gartner.de/de/methoden/hype-cycle},
  urldate     = {2024-11-01},
  institution = {Gartner, Inc.},
  language    = {de}
}

@misc{109:GitOps,
  title   = {GitOps},
  url     = {https://www.gitops.tech/},
  urldate = {2024-11-01},
  journal = {GitOps},
  author  = {Beetz, Florian and Kammer, Anja and Harrer, Simon}
}

@misc{110:Cloud-Native,
  title       = {Was ist Cloud Native?},
  url         = {https://aws.amazon.com/what-is/cloud-native/?nc1=h_ls},
  urldate     = {2024-11-01},
  institution = {Amazon Web Services, Inc.},
  language    = {de}
}

@misc{111:Container-Registry,
  title       = {What is a container registry?},
  url         = {https://www.redhat.com/en/topics/cloud-native-apps/what-is-a-container-registry},
  urldate     = {2024-11-01},
  institution = {Red Hat, Inc.},
  year        = {2022},
  month       = jul
}

% ------------------------------------------------
% [2xx] JOURNALS OR BLOGS

@article{200:Dev-Containers-Future-of-Development-Environments,
  title       = {Dev Containers - The Future of Software Development Environments},
  url         = {https://www.zweitag.de/en/blog/dev-containers-die-zukunft-der-entwicklungsumgebungen},
  urldate     = {2024-11-01},
  institution = {Zweitag GmbH},
  author      = {Grothaus, Christoph}
}

@article{201:How-to-develop-with-Dev-Containers,
  title       = {How to develop with Dev Containers},
  url         = {https://www.zweitag.de/blog/how-to-develop-with-dev-containers},
  urldate     = {2024-11-01},
  institution = {Zweitag GmbH},
  author      = {Grothaus, Christoph}
}

@article{202:Maximizing-Efficiency-with-Dev-Containers,
  title   = {Maximizing Efficiency with Dev Containers: A Developer's Guide},
  url     = {https://uninterrupted.tech/blog/maximizing-efficiency-with-dev-containers-a-developer-s-guide/},
  urldate = {2024-11-01},
  journal = {uninterrupted},
  author  = {Fidecki, Thomas},
  year    = {2024},
  month   = feb
}

@article{203:Dev-Environment-as-a-Code-with-DevContainers-Dotfiles-and-GitHub-Codespaces,
  title   = {Dev Environment as a Code (DEaaC) with DevContainers, Dotfiles, and GitHub Codespaces},
  url     = {https://nikiforovall.github.io/productivity/devcontainers/2022/08/13/deaac.html},
  urldate = {2024-11-01},
  journal = {N+1 Blog},
  author  = {Nikiforov, Oleksii},
  year    = {2022},
  month   = aug
}

@article{204:Development-Containers-Simplified,
  title   = {Development Containers Simplified},
  url     = {https://aymalla.medium.com/development-containers-simplified-b8740566d396},
  urldate = {2024-11-01},
  journal = {Medium},
  author  = {Ayman},
  year    = {2024},
  month   = jan
}

@misc{205:Leitfadengestuetztes-Interview,
  title       = {Leitfadengestütztes Interview},
  url         = {https://methodenzentrum.ruhr-uni-bochum.de/e-learning/qualitative-erhebungsmethoden/qualitative-interviewforschung/unterschiedliche-formen-qualitativer-interviews/leitfadengestuetztes-interview/},
  urldate     = {2024-11-01},
  institution = {Ruhr-Universität Bochum},
  author      = {Kohlbrunn, Yvonne},
  year        = {2024},
  month       = mar,
  language    = {de}
}

@techreport{206:Developer-Survey-2024,
  title       = {2024 Stack Overflow Developer Survey},
  url         = {https://survey.stackoverflow.co/2024/},
  urldate     = {2024-11-01},
  institution = {Stack Exchange, Inc.},
  author      = {Stack Overflow},
  year        = {2024}
}

@techreport{207:Developer-Ecosystem,
  title       = {The State of Developer Ecosystem in 2023},
  url         = {https://www.jetbrains.com/lp/devecosystem-2023/},
  urldate     = {2024-11-01},
  institution = {JetBrains s.r.o.},
  author      = {JetBrains},
  year        = {2023}
}

@misc{208:Web-Technology,
  title   = {Web Technology},
  url     = {https://www.geeksforgeeks.org/web-technology/},
  urldate = {2024-11-01},
  journal = {GeeksforGeeks},
  author  = {GeeksforGeeks},
  year    = {2024},
  month   = aug
}

@misc{209:Web-Development,
  title   = {Web Development},
  url     = {https://www.geeksforgeeks.org/web-development/},
  urldate = {2024-11-01},
  journal = {GeeksforGeeks},
  author  = {GeeksforGeeks},
  year    = {2024},
  month   = aug
}

@misc{210:Jet-Brains-Company,
  title       = {About JetBrains},
  url         = {https://www.jetbrains.com/company/},
  urldate     = {2024-11-01},
  institution = {JetBrains s.r.o.},
  author      = {JetBrains}
}

@article{211:Coding-and-Development-Phase-in-Software-Engineering,
  title   = {SDLC Guide: Coding and Development phase in Software Engineering},
  url     = {https://stratoflow.com/development-phase-sdlc/},
  urldate = {2024-11-01},
  journal = {Stratoflow},
  author  = {Krysik, Arkadiusz},
  year    = {2024},
  month   = feb
}

@misc{212:Developer-Survey,
  title       = {Stack Overflow Annual Developer Survey},
  url         = {https://survey.stackoverflow.co/},
  urldate     = {2024-11-01},
  institution = {Stack Exchange, Inc.},
  author      = {Stack Overflow}
}

@techreport{213:2024-State-of-Git-Collaboration,
  title       = {2024 Git Collaboration Report},
  url         = {https://www.gitkraken.com/reports/git-collaboration-2024},
  urldate     = {2024-11-01},
  institution = {Axosoft, LLC DBA GitKraken},
  author      = {GitKraken, JetBrains},
  year        = {2024}
}

% ------------------------------------------------
% [3xx] DOCUMENTATION

@manual{300:Building-Best-Practices,
  title        = {Building Best Practices},
  url          = {https://docs.docker.com/build/building/best-practices/},
  urldate      = {2024-11-01},
  journal      = {Docker Documentation},
  organization = {Docker, Inc.}
}

@misc{301:About-GitHub-and-Git,
  title        = {About GitHub and Git},
  url          = {https://docs.github.com/en/get-started/start-your-journey/about-github-and-git},
  urldate      = {2024-11-01},
  journal      = {GitHub Docs},
  organization = {GitHub, Inc.}
}

@misc{302:Understanding-GitHub-Actions,
  title        = {Understanding GitHub Actions},
  url          = {https://docs.github.com/en/actions/about-github-actions/understanding-github-actions},
  urldate      = {2024-11-01},
  journal      = {GitHub Docs},
  organization = {GitHub, Inc.}
}

@misc{303:Introduction-to-DevContainers,
  title   = {Introduction to Dev Containers},
  url     = {https://docs.github.com/en/codespaces/setting-up-your-project-for-codespaces/adding-a-dev-container-configuration/introduction-to-dev-containers},
  urldate = {2024-11-01},
  journal = {GitHub Docs},
  author  = {GitHub, Inc.}
}

@misc{304:Personalizing-GitHub-Codespaces-for-your-Account,
  title        = {Personalizing GitHub Codespaces for your Account},
  url          = {https://docs.github.com/en/codespaces/setting-your-user-preferences/personalizing-github-codespaces-for-your-account},
  urldate      = {2024-11-01},
  journal      = {GitHub Docs},
  organization = {GitHub, Inc.}
}

@article{305:Using-DevContainers-in-JetBrains-IDEs,
  title   = {Using Dev Containers in JetBrains IDEs - Part 1},
  url     = {https://blog.jetbrains.com/idea/2024/07/using-dev-containers-in-jetbrains-ides-part-1/},
  urldate = {2024-11-01},
  journal = {The JetBrains Blog},
  author  = {Trukhin, Yuri},
  year    = {2024},
  month   = jul
}

@manual{306:Development-Containers,
  title        = {Development Containers},
  url          = {https://containers.dev/},
  urldate      = {2024-11-01},
  organization = {Microsoft Corporation},
  author       = {Microsoft},
  year         = {2024}
}

@misc{307:Notifications-for-Workflow-Runs,
  title        = {Notifications for Workflow Runs},
  url          = {https://docs.github.com/en/actions/monitoring-and-troubleshooting-workflows/monitoring-workflows/notifications-for-workflow-runs},
  urldate      = {2024-11-01},
  journal      = {GitHub Docs},
  organization = {GitHub, Inc.}
}

@manual{308:Docker-Compose-Overview,
  title        = {Docker Compose Overview},
  url          = {https://docs.docker.com/compose/},
  urldate      = {2024-11-01},
  journal      = {Docker Documentation},
  organization = {Docker, Inc.}
}

@misc{309:Deno,
  title        = {Uncomplicate JavaScript - Deno},
  url          = {https://deno.com/},
  urldate      = {2024-11-01},
  organization = {Deno Land, Inc.},
  author       = {Deno Land}
}

@misc{310:GitHub-Codespaces-Overview,
  title        = {GitHub Codespaces Overview},
  url          = {https://docs.github.com/en/codespaces/overview},
  urldate      = {2024-11-01},
  journal      = {GitHub Docs},
  organization = {GitHub, Inc.}
}

% ------------------------------------------------
% [4xx] BOOKS

@book{400:Beitrag-Produktrepraesentation-fuer-Bedarfs-und-Kapazitaetsmanagement-digitalisierter-Fahrzeuge,
  author = {Fruhner, Daniel},
  year   = {2022},
  month  = {08},
  pages  = {},
  title  = {Ein Beitrag zur Produktrepräsentation für das Bedarfs- und Kapazitätsmanagement digitalisierter Fahrzeuge},
  isbn   = {978-3-86975-178-8}
}

@book{401:Das-Experteninterview,
  author = {Bogner, Alexander and Littig, Beate and Menz, Wolfgang},
  year   = {2005},
  month  = {01},
  pages  = {},
  title  = {Das Experteninterview. Theorie, Methode, Anwendung},
  isbn   = {3531144472},
  doi    = {10.1007/978-3-322-93270-9}
}

% ------------------------------------------------
% [9xx] MISCELLANEOUS

@unpublished{900:Herausforderungen-Strategien-Kuenstliche-Intelligenz-Software-Engineering,
  author = {Loewe, Jan and Rother, Jan},
  title = {Herausforderungen und Strategien beim Einsatz von Generativer Künstlicher Intelligenz im Software Engineering mit speziellem Fokus auf Prompts zur Generierung und Implementierung von Quellcode},
  year = {2024},
  month = may,
  language = {de},
  institution = {Ostfalia University of Applied Sciences},
  note = {Currently unpublished paper.}
}
